{
  "leader": "01906naa a2200349 c 4500",
  "fields": [
    {
      "001": "1011184508"
    },
    {
      "003": "DE-601"
    },
    {
      "005": "20180301091013.0"
    },
    {
      "008": "180119s2018\\\\\\\\\\\\\\\\\\\\\\\\\\\\\\\\\\\\000\\0\\eng\\d"
    },
    {
      "016": {
        "ind1": "7",
        "ind2": "\\",
        "subfields": [
          {
            "a": "243003-4"
          },
          {
            "2": "DE-600"
          }
        ]
      }
    },
    {
      "035": {
        "ind1": "\\",
        "ind2": "\\",
        "subfields": [
          {
            "a": "(DE-599)GBV1011184508"
          }
        ]
      }
    },
    {
      "040": {
        "ind1": "\\",
        "ind2": "\\",
        "subfields": [
          {
            "b": "ger"
          },
          {
            "c": "GBVCP"
          },
          {
            "e": "rda"
          }
        ]
      }
    },
    {
      "041": {
        "ind1": "0",
        "ind2": "\\",
        "subfields": [
          {
            "a": "eng"
          }
        ]
      }
    },
    {
      "100": {
        "ind1": "1",
        "ind2": "\\",
        "subfields": [
          {
            "a": "Da, Gaofeng"
          },
          {
            "e": "VerfasserIn"
          },
          {
            "4": "aut"
          },
          {
            "0": "(DE-601)1015051618"
          },
          {
            "0": "(DE-588)1153556588"
          }
        ]
      }
    },
    {
      "245": {
        "ind1": "1",
        "ind2": "0",
        "subfields": [
          {
            "a": "On the signature of complex system"
          },
          {
            "b": "a decomposed approach"
          },
          {
            "c": "Gaofeng Da, Ping Shing Chan, Maochao Xu"
          }
        ]
      }
    },
    {
      "336": {
        "ind1": "\\",
        "ind2": "\\",
        "subfields": [
          {
            "a": "Text"
          },
          {
            "b": "txt"
          },
          {
            "2": "rdacontent"
          }
        ]
      }
    },
    {
      "337": {
        "ind1": "\\",
        "ind2": "\\",
        "subfields": [
          {
            "a": "ohne Hilfsmittel zu benutzen"
          },
          {
            "b": "n"
          },
          {
            "2": "rdamedia"
          }
        ]
      }
    },
    {
      "338": {
        "ind1": "\\",
        "ind2": "\\",
        "subfields": [
          {
            "a": "Band"
          },
          {
            "b": "nc"
          },
          {
            "2": "rdacarrier"
          }
        ]
      }
    },
    {
      "700": {
        "ind1": "1",
        "ind2": "\\",
        "subfields": [
          {
            "a": "Chan, Ping Shing"
          },
          {
            "e": "VerfasserIn"
          },
          {
            "4": "aut"
          },
          {
            "0": "(DE-601)718654811"
          },
          {
            "0": "(DE-588)1023876256"
          }
        ]
      }
    },
    {
      "700": {
        "ind1": "1",
        "ind2": "\\",
        "subfields": [
          {
            "a": "Xu, Maochao"
          },
          {
            "e": "VerfasserIn"
          },
          {
            "4": "aut"
          },
          {
            "0": "(DE-601)720932068"
          },
          {
            "0": "(DE-588)1025070240"
          }
        ]
      }
    },
    {
      "773": {
        "ind1": "0",
        "ind2": "8",
        "subfields": [
          {
            "i": "Enthalten in"
          },
          {
            "t": "European journal of operational research : EJOR"
          },
          {
            "d": "Amsterdam : Elsevier"
          },
          {
            "g": "Vol. 265, No. 3 (2018), p. 1115-1123"
          },
          {
            "q": "265:3<1115-1123"
          },
          {
            "w": "(DE-601)129611131"
          },
          {
            "x": "0377-2217"
          }
        ]
      }
    },
    {
      "900": {
        "ind1": "\\",
        "ind2": "\\",
        "subfields": [
          {
            "a": "GBV"
          },
          {
            "b": "ZBW Kiel <206>"
          },
          {
            "d": "!H:ls! Z 6556"
          },
          {
            "x": "L"
          },
          {
            "z": "LC"
          },
          {
            "s": "206\/1"
          },
          {
            "c": "184.2008 -"
          }
        ]
      }
    },
    {
      "900": {
        "ind1": "\\",
        "ind2": "\\",
        "subfields": [
          {
            "a": "GBV"
          },
          {
            "b": "UB Clausthal <104>"
          },
          {
            "d": "!104\/13!  CL 13"
          },
          {
            "x": "N"
          },
          {
            "z": "N"
          },
          {
            "g": "lfdcl13"
          },
          {
            "c": "2006 -"
          },
          {
            "f": "Genauen Bestand bitte im Institut erfragen"
          }
        ]
      }
    },
    {
      "900": {
        "ind1": "\\",
        "ind2": "\\",
        "subfields": [
          {
            "a": "GBV"
          },
          {
            "b": "TIB\/UB Hannover <89>"
          },
          {
            "d": "ZN 8146 Haus2"
          },
          {
            "x": "L"
          },
          {
            "z": "C"
          }
        ]
      }
    },
    {
      "900": {
        "ind1": "\\",
        "ind2": "\\",
        "subfields": [
          {
            "a": "GBV"
          },
          {
            "b": "DNB <101>"
          },
          {
            "d": "!101a! ZB 93727"
          },
          {
            "x": "L"
          },
          {
            "z": "C"
          },
          {
            "s": "0101\/001"
          },
          {
            "g": "!MZLS! 10-n"
          },
          {
            "c": "54.1992(1991),1u.3; 56.1992 -"
          }
        ]
      }
    },
    {
      "951": {
        "ind1": "\\",
        "ind2": "\\",
        "subfields": [
          {
            "a": "bwl"
          },
          {
            "2": "26"
          }
        ]
      }
    },
    {
      "951": {
        "ind1": "\\",
        "ind2": "\\",
        "subfields": [
          {
            "a": "11"
          },
          {
            "2": "30"
          }
        ]
      }
    },
    {
      "952": {
        "ind1": "\\",
        "ind2": "\\",
        "subfields": [
          {
            "d": "265"
          },
          {
            "j": "2018"
          },
          {
            "e": "3"
          },
          {
            "b": "16"
          },
          {
            "c": "3"
          },
          {
            "h": "1115-1123"
          }
        ]
      }
    },
    {
      "954": {
        "ind1": "\\",
        "ind2": "\\",
        "subfields": [
          {
            "0": "ZBW Kiel <206>"
          },
          {
            "a": "26"
          },
          {
            "b": "892666773"
          },
          {
            "c": "04"
          },
          {
            "f": "H:ls"
          },
          {
            "d": "Z 6556"
          },
          {
            "e": "b"
          },
          {
            "g": "Bestand: 184.2008 -"
          },
          {
            "x": "206\/1"
          }
        ]
      }
    },
    {
      "954": {
        "ind1": "\\",
        "ind2": "\\",
        "subfields": [
          {
            "0": "UB Clausthal <104>"
          },
          {
            "a": "30"
          },
          {
            "b": "1174535881"
          },
          {
            "c": "02"
          },
          {
            "f": "104\/13"
          },
          {
            "d": " CL 13"
          },
          {
            "e": "g"
          },
          {
            "d": "lfdcl13"
          },
          {
            "g": "Bestand: 2006 -"
          },
          {
            "k": "Genauen Bestand bitte im Institut erfragen"
          },
          {
            "x": "0104"
          }
        ]
      }
    },
    {
      "954": {
        "ind1": "\\",
        "ind2": "\\",
        "subfields": [
          {
            "0": "TIB\/UB Hannover <89>"
          },
          {
            "a": "70"
          },
          {
            "b": "13765989X"
          },
          {
            "c": "01"
          },
          {
            "d": "ZN 8146 Haus2"
          },
          {
            "e": "f"
          },
          {
            "g": "Bestand: 1.1977 - "
          },
          {
            "x": "0089"
          }
        ]
      }
    },
    {
      "954": {
        "ind1": "\\",
        "ind2": "\\",
        "subfields": [
          {
            "0": "DNB <101>"
          },
          {
            "a": "267"
          },
          {
            "b": "9001929018"
          },
          {
            "c": "01"
          },
          {
            "f": "101a"
          },
          {
            "d": "ZB 93727"
          },
          {
            "e": "f"
          },
          {
            "f": "MZLS"
          },
          {
            "d": "10-n"
          },
          {
            "g": "Bestand: 54.1992(1991),1u.3; 56.1992 -"
          },
          {
            "x": "0101\/001"
          }
        ]
      }
    }
  ]
}
